<?xml version="1.0" encoding="UTF-8"?><collection xmlns="http://www.loc.gov/MARC21/slim"><record><leader>00387nam--2200133-i-4500</leader><controlfield tag="001">000049051</controlfield><controlfield tag="002">20161230</controlfield><controlfield tag="005">20161230201047</controlfield><controlfield tag="008">060222s1000------------r-----000-0-eng-d</controlfield><datafield ind1=" " ind2=" " tag="080"><subfield code="a">551.5(083.5)</subfield></datafield><datafield ind1=" " ind2=" " tag="245"><subfield code="a">Aktinometricheskii spravochnik. zarubezhnye strany. ezhegodnye dannye</subfield></datafield><datafield ind1=" " ind2=" " tag="260"><subfield code="a">Leningrad, Gidrometeorologicheskoe Izd.-vo, 1964. 261 S</subfield></datafield><datafield ind1=" " ind2=" " tag="700"><subfield code="a">T.G.Berliand</subfield></datafield><datafield ind1=" " ind2=" " tag="852"><subfield code="a">47669</subfield></datafield></record></collection>